<?xml version="1.0" encoding="UTF-8"?><collection xmlns="http://www.loc.gov/MARC21/slim"><record><leader>00408nam--2200133-i-4500</leader><controlfield tag="001">000022639</controlfield><controlfield tag="002">20161230</controlfield><controlfield tag="005">20161230201034</controlfield><controlfield tag="008">060222s1000------------r-----000-0-eng-d</controlfield><datafield ind1=" " ind2=" " tag="100"><subfield code="a">Grumm, H</subfield></datafield><datafield ind1=" " ind2=" " tag="245"><subfield code="a">Nathschlager, h</subfield></datafield><datafield ind1=" " ind2=" " tag="260"><subfield code="a">Influence Of Long-term Plutonium Value Changes On Fuel Cycle Costs Of Plutonium Fuelled Reactors</subfield></datafield><datafield ind1=" " ind2=" " tag="490"><subfield code="a">Seibersdorf, Reaktorzentrum, 1967. 13p.+6fig</subfield></datafield><datafield ind1=" " ind2=" " tag="852"><subfield code="a">621.039.003</subfield></datafield></record></collection>